This file was created with JabRef 2.0.1.
Encoding: Cp1252
@inproceedings{sandler2018mobilenetv2,
  title={Mobilenetv2: Inverted residuals and linear bottlenecks},
  author={Sandler, Mark and Howard, Andrew and Zhu, Menglong and Zhmoginov, Andrey and Chen, Liang-Chieh},
  booktitle={Proceedings of the IEEE conference on computer vision and pattern recognition},
  pages={4510--4520},
  year={2018}
}

@inproceedings{mcmahan2017communication,
  title={Communication-efficient learning of deep networks from decentralized data},
  author={McMahan, Brendan and Moore, Eider and Ramage, Daniel and Hampson, Seth and y Arcas, Blaise Aguera},
  booktitle={Artificial intelligence and statistics},
  pages={1273--1282},
  year={2017},
  organization={PMLR}
}

@inproceedings{tan2019efficientnet,
  title={Efficientnet: Rethinking model scaling for convolutional neural networks},
  author={Tan, Mingxing and Le, Quoc},
  booktitle={International conference on machine learning},
  pages={6105--6114},
  year={2019},
  organization={PMLR}
}

@article{howard2017mobilenets,
  title={Mobilenets: Efficient convolutional neural networks for mobile vision applications},
  author={Howard, Andrew G and Zhu, Menglong and Chen, Bo and Kalenichenko, Dmitry and Wang, Weijun and Weyand, Tobias and Andreetto, Marco and Adam, Hartwig},
  journal={arXiv preprint arXiv:1704.04861},
  year={2017}
}


@InProceedings{kennedy1,
  author =	"J. Kennedy and R. C. Eberhart",
  title =	"Particle swarm optimization",
  booktitle =	"{I}nternational {C}onference on {N}eural {N}etworks",
  year = 	"1995",
  pages =	"1942--1948",
  publisher =	"IEEE",
}

@article{Koh06,
  author =	"B. Koh and A. George and R. Haftka and B. Fregly",
  title =	"Parallel asynchronous particle swarm optimization",
  journal =	"International Journal for Numerical Methods in Engineering",
  year = 	"2006",
  pages =	"578--595",
  volume = "67",
  number = "4",
} 


@Book{Berlekamp82,
  author =	"E. Berlekamp and J. Conway and J. Guy",
  address =	"London",
  publisher =	"Academic Press Inc.",
  title =	"Winning Ways",
  year = 	"1982",
}

@TechReport{Storn95,
  author =	"Rainer Storn and Kenneth Price",
  title =	"Differential Evolution - a simple and efficient
		 adaptive scheme for global optimization over continuous
		 spaces",
  institution =  "International Computer Science Institute",
  number =	"TR-95-012",
  address =	"Berkeley, CA",
  month =	mar,
  year = 	"1995",
}

@misc{firefox,
  author = {Mozilla},
  title = {Firefox {iOS} application},
  year = 2018,
  howpublished = {\href{https://github.com/mozilla-mobile/firefox-ios}{link}}
}